@incollection{kolenikov:pitblado:2014,
    address = {Hoboken, NJ},
    author = {Kolenikov, Stanislav and Pitblado, Jeff},
    booktitle = {Handbook of Health Survey Methods},
    chapter = {29},
    editor = {Johnson, Timothy P.},
    publisher = {Wiley},
    title = {Analysis of complex health survey data},
    year = {2014}
}


@book{vanbuuren:2018:fimd2,
	author = "Stef {van Buuren}",
	title = "Flexible Imputation of Missing Data",
	year = 2018,
	edition = "2nd",
	publisher = "Chapman \& Hall/CRC"
}
